% Encoding: UTF-8

@misc{wiki:TSP,
    author = "{Wikipedia contributors}",
    title = "Travelling salesman problem --- {Wikipedia}{,} The Free Encyclopedia",
    year = "2019",
    url = "https://en.wikipedia.org/w/index.php?title=Travelling_salesman_problem&oldid=931309163",
    note = "[Online; accessed 18-December-2019]"
  }

@Manual{PLC2019,
  author = {Beckhoff},
  title  = {C6015-0010 | Ultra-compact industrial PC},
  year   = {2019},
  date   = {2019-05-22},
}

@Book{HeadFirst2004,
  author = {Eric Freemann \& Elisabeth Freemann},
  title  = {Head First: Design Patterns},
  year   = {2004},
}

@Book{A_HW_SW_CodesignMethodology,
  author = {Kim Bjerge},
  title  = {A HW/SW Codesign Methodology based on UML},
  year   = {2008},
}

@Online{Ara2019,
  author = {Nima Ara},
  title  = {Easy.MeesageHub},
  year   = {2019},
  date   = {2019-05-24},
  url    = {https://github.com/NimaAra/Easy.MessageHub},
}

@Manual{Engineering2016,
  author = {Aarhus School of Engineering},
  title  = {Vejledning til udviklingsprocessen},
  year   = {2016},
}

@Online{Interpolation2019,
  author = {Wikipedia},
  title  = {Interpolation},
  year   = {2019},
  date   = {2019-05-24},
  url    = {https://en.wikipedia.org/wiki/Interpolation},
  note   = {\\\url{https://en.wikipedia.org/wiki/Interpolation}},
}

@Manual{Manual:System_Identification,
  author = {G. De Nicolao},
  title  = {System Identification: Problems and perspectives},
  year   = {2019},
  date   = {2019-05-22},
}

@Online{Tfest2019,
  author = {MathWorks},
  title  = {tfest},
  year   = {2019},
  date   = {2019-05-25},
  url    = {https://se.mathworks.com/help/ident/ref/tfest.html},
}

@Manual{CJ2019,
  author = {Carl Jakobsen},
  title  = {System stability and dynamics from open-loop Bode plots. Phase margin and gain margin.},
  year   = {2019},
  date   = {2019-04-01},
}

@Online{online:android_activity,
  author = {Developer.android.com},
  title  = {Activity},
  year   = {2019},
  date   = {2019-05-24},
  url    = {https://developer.android.com/reference/android/app/Activity},
  note   = {\\\url{https://developer.android.com/reference/android/app/Activity}},
}

@Online{online:data_binding,
  author = {Docs.microsoft.com},
  title  = {Data Binding (WPF)},
  year   = {2017},
  date   = {2019-05-24},
  url    = {https://docs.microsoft.com/en-us/dotnet/framework/wpf/data/data-binding-wpf},
  note   = {\\\url{https://docs.microsoft.com/en-us/dotnet/framework/wpf/data/data-binding-wpf}},
}

@Manual{CarlJakobsen2016,
  author = {Carl Jakobsen, Jan Jantzen},
  title  = {Autotuning the PI-D Controller},
  year   = {2016},
  date   = {2019-04-19},
}

@Online{online:trello,
  author = {Atlassian},
  title  = {Trello},
  year   = {2014},
  date   = {2019-05-25},
  url    = {https://trello.com},
  note   = {\\\url{https://trello.com}},
}

@Book{Nise2011,
  author = {Norman S. Nise},
  title  = {Control systems engineering},
  year   = {2011},
  date   = {2019-04-01},
}

@Manual{PID2005,
  author = {Kiam Heong Ang, Gregory Chong and Yun Li},
  title  = {PID Control System Analysis, Design and Technology},
  year   = {2005},
  date   = {2019-05-25},
}

@Online{c2d2019,
  author = {MathWorks},
  title  = {c2d},
  year   = {2019},
  date   = {2019-05-25},
  url    = {https://se.mathworks.com/help/control/ref/c2d.html},
}



@Comment{jabref-meta: databaseType:biblatex;}
